<collection xmlns="http://www.loc.gov/MARC21/slim"><record><leader>00786nam  2200253   450</leader><controlfield tag="001">620</controlfield><controlfield tag="003">http://montalegre.opacnet.com/OPAC/default.aspx?ContentAreaControl=ShowRegHoldings.ascx&amp;RegNo=16662</controlfield><controlfield tag="005">20</controlfield><datafield tag="021" ind1=" " ind2=" "><subfield code="a">PT</subfield><subfield code="b">16371/87</subfield></datafield><datafield tag="095" ind1=" " ind2=" "><subfield code="a">PTBN00110957</subfield></datafield><datafield tag="100" ind1=" " ind2=" "><subfield code="a">19880304d1987    c  y0pora0103    ba</subfield></datafield><datafield tag="101" ind1="0" ind2=" "><subfield code="a">por</subfield></datafield><datafield tag="102" ind1=" " ind2=" "><subfield code="a">PT</subfield></datafield><datafield tag="200" ind1="1" ind2=" "><subfield code="a">João e Guida</subfield><subfield code="f">Ilse Losa</subfield><subfield code="g">il. Luísa Brandõo</subfield></datafield><datafield tag="205" ind1=" " ind2=" "><subfield code="a">4ª ed</subfield></datafield><datafield tag="210" ind1=" " ind2=" "><subfield code="a">Porto</subfield><subfield code="c">Asa</subfield><subfield code="d">1987</subfield></datafield><datafield tag="215" ind1=" " ind2=" "><subfield code="a">49, [1] p.</subfield><subfield code="c">il.</subfield><subfield code="d">21 cm</subfield></datafield><datafield tag="225" ind1="2" ind2=" "><subfield code="a">Asa juvenil</subfield><subfield code="v">12</subfield></datafield><datafield tag="675" ind1=" " ind2=" "><subfield code="a">087.5</subfield><subfield code="v">BN</subfield><subfield code="z">por</subfield><subfield code="v">med</subfield><subfield code="z">por</subfield><subfield code="3">287999</subfield></datafield><datafield tag="700" ind1=" " ind2="1"><subfield code="a">Losa</subfield><subfield code="b">Ilse</subfield><subfield code="f">1913-2006</subfield><subfield code="3">26530</subfield></datafield><datafield tag="702" ind1=" " ind2="1"><subfield code="a">Brandão</subfield><subfield code="b">Luísa</subfield><subfield code="4">440</subfield><subfield code="3">32209</subfield></datafield><datafield tag="801" ind1=" " ind2="0"><subfield code="a">PT</subfield><subfield code="b">Biblioteca Municipal de Montalegre</subfield><subfield code="g">RPC</subfield></datafield><datafield tag="856" ind1=" " ind2=" "><subfield code="u">locateMedia.asp?cod=20060522163000&amp;ext=jpg</subfield><subfield code="z">CAPA</subfield></datafield><datafield tag="909" ind1="&#9;" ind2=" "><subfield code="a">2</subfield></datafield><datafield tag="966" ind1=" " ind2=" "><subfield code="a">0000710</subfield><subfield code="l">BMM</subfield><subfield code="s">SI 82-2 LOS joã 12</subfield></datafield><datafield tag="966" ind1=" " ind2=" "><subfield code="a">1003364</subfield><subfield code="l">BEM</subfield><subfield code="s">BEM 82-93 LOS</subfield></datafield></record></collection>